@InCollection{sep-negation,
	author       =	{Horn, Laurence R. and Wansing, Heinrich},
	title        =	{{Negation}},
	booktitle    =	{The {Stanford} Encyclopedia of Philosophy},
	editor       =	{Edward N. Zalta and Uri Nodelman},
	howpublished =	{\url{https://plato.stanford.edu/archives/win2022/entries/negation/}},
	year         =	{2022},
	edition      =	{{W}inter 2022},
	publisher    =	{Metaphysics Research Lab, Stanford University}
}

@article{Berto2015-BERAMC,
	author = {Francesco Berto},
	doi = {10.1093/mind/fzv026},
	journal = {Mind},
	number = {495},
	pages = {761--793},
	title = {A Modality Called `Negation'},
	volume = {124},
	year = {2015}
}

@article{De2018-DETIM,
	author = {Michael De and Hitoshi Omori},
	doi = {10.1007/s10992-017-9427-0},
	journal = {Journal of Philosophical Logic},
	number = {2},
	pages = {281--299},
	publisher = {Springer Verlag},
	title = {There is More to Negation Than Modality},
	volume = {47},
	year = {2018}
}

@article{Berto2019-BERNOT-10,
	author = {Francesco Berto and Greg Restall},
	doi = {10.1007/s10992-019-09510-2},
	journal = {Journal of Philosophical Logic},
	number = {6},
	pages = {1119--1144},
	publisher = {Springer Verlag},
	title = {Negation on the Australian Plan},
	volume = {48},
	year = {2019}
}

@article{Kinkaid2020-KINWWA-3,
	author = {James Kinkaid},
	doi = {10.1093/mind/fzaa031},
	journal = {Mind},
	number = {516},
	pages = {1009--1031},
	title = {What Would a Phenomenology of Logic Look Like?},
	volume = {129},
	year = {2020}
}
